<?xml version="1.0" encoding="UTF-8"?><collection xmlns="http://www.loc.gov/MARC21/slim"><record><leader>00384nam--2200133-i-4500</leader><controlfield tag="001">000015535</controlfield><controlfield tag="002">20161230</controlfield><controlfield tag="005">20161230201031</controlfield><controlfield tag="008">060222s1000------------r-----000-0-eng-d</controlfield><datafield ind1=" " ind2=" " tag="080"><subfield code="a">541.28(061.62)(540)</subfield></datafield><datafield ind1=" " ind2=" " tag="245"><subfield code="a">Radiochemistry programme biennial progress.rep ort 1982 and 1983</subfield></datafield><datafield ind1=" " ind2=" " tag="260"><subfield code="a">Kalpakkam, Reactor Research Centre,1985. 174 P</subfield></datafield><datafield ind1=" " ind2=" " tag="700"><subfield code="a">Bhat, N.P. /S.A.</subfield></datafield><datafield ind1=" " ind2=" " tag="852"><subfield code="a">72791</subfield></datafield></record></collection>